@Misc{Tcpdump,
	author = {Tim CARSTENS},
	title = {Programming with pcap},
	howpublished = {[online]},
	year = {rev. 25. október 2012},
	note = {[vid. 2020-10-14]},
	url = {https://www.tcpdump.org/pcap.html},
}

@Misc{FarazFallahi,
	author = {Faraz Fallahi},
	title = {lsniffer.c},
	howpublished = {[online]},
	year = {rev. 6. apríla 2020},
	note = {[vid. 2020-10-14]},
	url = {https://gist.github.com/fffaraz/7f9971463558e9ea9545},
}

@Misc{Geeksniffer,
	author = {Himanshu ARORA},
	title = {How to Perform Packet Sniffing Using Libpcap with C Example Code},
	howpublished = {[online]},
	year = {2002},
	note = {[vid. 2020-10-14]},
	url = {https://www.thegeekstuff.com/2012/10/packet-sniffing-using-libpcap/},
}

@Misc{sslheader,
	author = {Jschauma},
	title = {Capturing specific SSL and TLS version packets using tcpdump},
	howpublished = {[online]},
	year = {rev. 8. marca, 2019},
	note = {[vid. 2020-10-20]},
	url = {https://www.netmeister.org/blog/tcpdump-ssl-and-tls.html},
}

@Misc{ssltraffic,
	author = {Álvaro Castro-Castilla},
	title = {Traffic Analysis of an SSL/TLS Session},
	howpublished = {[online]},
	year = {rev. 23. decembra, 2014},
	note = {[vid. 2020-10-18]},
	url = {http://blog.fourthbit.com/2014/12/23/traffic-analysis-of-an-ssl-slash-tls-session/},
}

@Misc{wikiSNI,
	author = {Wikipedia},
	title = {Server Name Indication},
	howpublished = {[online]},
	year = {rev. 30. október 2020},
	note = {[vid. 2020-10-30]},
	url = {https://en.wikipedia.org/wiki/Server_Name_Indication},
}

@Misc{prednaskaTransport,
	author = {Vladim{\'{i}}r VESEL{\'{Y}}},
	title = {Transportn{\'{i}} vrstva},
	organization = {Vysok{\'{e}} u{\v{c}}en{\'{i}} technick{\'{e}} v Brn{\v{e}},
	Fakulta informa{\v{c}}n{\'{i}}ch technologi{\'{i}}},
	howpublished = {[Univerzitn{\'{a}} predn{\'{a}}{\v{s}}ka]},
	year = {2018},
}

@Misc{prednaskaIPv4,
	author = {Vladim{\'{i}}r VESEL{\'{Y}}},
	title = {S{\'{i}}{\v{t}}ov{\'{a}} vrstva},
	organization = {Vysok{\'{e}} u{\v{c}}en{\'{i}} technick{\'{e}} v Brn{\v{e}},
	Fakulta informa{\v{c}}n{\'{i}}ch technologi{\'{i}}},
	howpublished = {[Univerzitn{\'{a}} predn{\'{a}}{\v{s}}ka]},
	year = {2018},
}

@Misc{prednaskaIPv6,
	author = {Vladim{\'{i}}r VESEL{\'{Y}}},
	title = {IPv6 S{\'{i}}{\v{t}}ov{\'{a}} vrstva},
	organization = {Vysok{\'{e}} u{\v{c}}en{\'{i}} technick{\'{e}} v Brn{\v{e}},
	Fakulta informa{\v{c}}n{\'{i}}ch technologi{\'{i}}},
	howpublished = {[Univerzitn{\'{a}} predn{\'{a}}{\v{s}}ka]},
	year = {2017},
}


@Misc{prednaskaZabezpeceni,
	author = {Petr MATOU{\v{S}}EK},
	title = {S{\'{i}}{\v{t}}ov{\'{e}} aplikace a spr{\'{a}}va s{\'{i}}t{\'{i}}},
	organization = {Vysok{\'{e}} u{\v{c}}en{\'{i}} technick{\'{e}} v Brn{\v{e}},
	Fakulta informa{\v{c}}n{\'{i}}ch technologi{\'{i}}},
	howpublished = {[Univerzitn{\'{a}} predn{\'{a}}{\v{s}}ka]},
	page = {18},
	year = {2020},
}
